@book{newman2015building,
  title={Building microservices: designing fine-grained systems},
  author={Newman, Sam},
  year={2015},
  publisher={" O'Reilly Media, Inc."}
}

@book{fielding2000architecturalappendix,
  title={Architectural styles and the design of network-based software architectures},
  author={Fielding, Roy T and Taylor, Richard N},
  volume={7},
  year={2000},
  publisher={University of California, Irvine Doctoral dissertation}
}

@incollection{canfora2006service,
  title={Service-oriented architectures testing: A survey},
  author={Canfora, Gerardo and Di Penta, Massimiliano},
  booktitle={Software Engineering},
  pages={78--105},
  year={2006},
  publisher={Springer}
}

@article{bozkurt2013testing,
  title={Testing and verification in service-oriented architecture: a survey},
  author={Bozkurt, Mustafa and Harman, Mark and Hassoun, Youssef},
  journal={Software Testing, Verification and Reliability},
  volume={23},
  number={4},
  pages={261--313},
  year={2013},
  publisher={Wiley Online Library}
}

@article{fraser2013whole,
  title={Whole test suite generation},
  author={Fraser, Gordon and Arcuri, Andrea},
  journal={IEEE Transactions on Software Engineering},
  volume={39},
  number={2},
  pages={276--291},
  year={2013},
  publisher={IEEE}
}

@inproceedings{rodriguez2016rest,
  title={REST APIs: a large-scale analysis of compliance with principles and best practices},
  author={Rodr{\'\i}guez, Carlos and Baez, Marcos and Daniel, Florian and Casati, Fabio and Trabucco, Juan Carlos and Canali, Luigi and Percannella, Gianraffaele},
  booktitle={International Conference on Web Engineering},
  pages={21--39},
  year={2016},
  organization={Springer}
}

@article{arcuri2012random,
  title={Random testing: Theoretical results and practical implications},
  author={Arcuri, Andrea and Iqbal, Muhammad Zohaib and Briand, Lionel},
  journal={IEEE transactions on Software Engineering},
  volume={38},
  number={2},
  pages={258--277},
  year={2012},
  publisher={IEEE}
}

@article{harman2012search,
  title={Search-based software engineering: Trends, techniques and applications},
  author={Harman, Mark and Mansouri, S Afshin and Zhang, Yuanyuan},
  journal={ACM Computing Surveys (CSUR)},
  volume={45},
  number={1},
  pages={11},
  year={2012},
  publisher={ACM}
}

@article{ali2010systematic,
  title={A systematic review of the application and empirical investigation of search-based test case generation},
  author={Ali, Shaukat and Briand, Lionel C and Hemmati, Hadi and Panesar-Walawege, Rajwinder Kaur},
  journal={IEEE Transactions on Software Engineering},
  volume={36},
  number={6},
  pages={742--762},
  year={2010},
  publisher={IEEE}
}

@inproceedings{fraser2011evosuite,
  title={Evosuite: automatic test suite generation for object-oriented software},
  author={Fraser, Gordon and Arcuri, Andrea},
  booktitle={Proceedings of the 19th ACM SIGSOFT symposium and the 13th European conference on Foundations of software engineering},
  pages={416--419},
  year={2011},
  organization={ACM}
}

@article{fraser2014large,
  title={A large-scale evaluation of automated unit test generation using EvoSuite},
  author={Fraser, Gordon and Arcuri, Andrea},
  journal={ACM Transactions on Software Engineering and Methodology (TOSEM)},
  volume={24},
  number={2},
  pages={8},
  year={2014},
  publisher={ACM}
}

@article{canfora2006testing,
  title={Testing services and service-centric systems: Challenges and opportunities},
  author={Canfora, Gerardo and Di Penta, Massimiliano},
  journal={It Professional},
  volume={8},
  number={2},
  pages={10--17},
  year={2006},
  publisher={IEEE}
}

@incollection{bertolino2012trends,
  title={Trends and research issues in SOA validation},
  author={Bertolino, Antonia and De Angelis, Guglielmo and Sabetta, Antonino and Polini, Andrea},
  booktitle={Performance and Dependability in Service Computing: Concepts, Techniques and Research Directions},
  pages={98--115},
  year={2012},
  publisher={IGI Global}
}

@inproceedings{xu2005testing,
  title={Testing web services by XML perturbation},
  author={Xu, Wuzhi and Offutt, Jeff and Luo, Juan},
  booktitle={Software Reliability Engineering, 2005. ISSRE 2005. 16th IEEE International Symposium on},
  pages={10--pp},
  year={2005},
  organization={IEEE}
}

@inproceedings{bai2005wsdl,
  title={WSDL-based automatic test case generation for web services testing},
  author={Bai, Xiaoying and Dong, Wenli and Tsai, Wei-Tek and Chen, Yinong},
  booktitle={Service-Oriented System Engineering, 2005. SOSE 2005. IEEE International Workshop},
  pages={207--212},
  year={2005},
  organization={IEEE}
}

@inproceedings{martin2006automated,
  title={Automated robustness testing of web services},
  author={Martin, Evan and Basu, Suranjana and Xie, Tao},
  booktitle={Proceedings of the 4th International Workshop on SOA And Web Services Best Practices (SOAWS 2006)},
  year={2006}
}

@inproceedings{ma2008wsdl,
  title={WSDL-based automated test data generation for web service},
  author={Ma, Chunyan and Du, Chenglie and Zhang, Tao and Hu, Fei and Cai, Xiaobin},
  booktitle={Computer Science and Software Engineering, 2008 International Conference on},
  volume={2},
  pages={731--737},
  year={2008},
  organization={IEEE}
}

@inproceedings{bartolini2009ws,
  title={WS-TAXI: A WSDL-based testing tool for web services},
  author={Bartolini, Cesare and Bertolino, Antonia and Marchetti, Eda and Polini, Andrea},
  booktitle={Software Testing Verification and Validation, 2009. ICST'09. International Conference on},
  pages={326--335},
  year={2009},
  organization={IEEE}
}

@article{li2016generating,
  title={Generating an automated test suite by variable strength combinatorial testing for web services},
  author={Li, Yin and Sun, Zhi-an and Fang, Jian-Yong},
  journal={Journal of computing and information technology},
  volume={24},
  number={3},
  pages={271--282},
  year={2016},
  publisher={Fakultet elektrotehnike i ra{\v{c}}unarstva Sveu{\v{c}}ili{\v{s}}ta u Zagrebu}
}

@inproceedings{bozkurt2011automatically,
  title={Automatically generating realistic test input from web services},
  author={Bozkurt, Mustafa and Harman, Mark},
  booktitle={Service Oriented System Engineering (SOSE), 2011 IEEE 6th International Symposium on},
  pages={13--24},
  year={2011},
  organization={IEEE}
}

@inproceedings{wotawa2013fifty,
  title={Fifty shades of grey in SOA testing},
  author={Wotawa, Franz and Schulz, Marco and Pill, Ingo and Jehan, Seema and Leitner, Philipp and Hummer, Waldemar and Schulte, Stefan and Hoenisch, Philipp and Dustdar, Schahram},
  booktitle={Software Testing, Verification and Validation Workshops (ICSTW), 2013 IEEE Sixth International Conference on},
  pages={154--157},
  year={2013},
  organization={IEEE}
}

@inproceedings{jehan2014soa,
  title={SOA testing via random paths in BPEL models},
  author={Jehan, Seema and Pill, Ingo and Wotawa, Franz},
  booktitle={Software Testing, Verification and Validation Workshops (ICSTW), 2014 IEEE Seventh International Conference on},
  pages={260--263},
  year={2014},
  organization={IEEE}
}

@article{bartolini2011bringing,
  title={Bringing white-box testing to service oriented architectures through a service oriented approach},
  author={Bartolini, Cesare and Bertolino, Antonia and Elbaum, Sebastian and Marchetti, Eda},
  journal={Journal of Systems and Software},
  volume={84},
  number={4},
  pages={655--668},
  year={2011},
  publisher={Elsevier}
}

@article{ye2013whitening,
  title={Whitening SOA testing via event exposure},
  author={Ye, Chunyang and Jacobsen, Hans-Arno},
  journal={IEEE Transactions on Software Engineering},
  volume={39},
  number={10},
  pages={1444--1465},
  year={2013},
  publisher={IEEE}
}

@inproceedings{chakrabarti2009test,
  title={Test-the-rest: An approach to testing restful web-services},
  author={Chakrabarti, Sujit Kumar and Kumar, Prashant},
  booktitle={Future Computing, Service Computation, Cognitive, Adaptive, Content, Patterns, 2009. COMPUTATIONWORLD'09. Computation World:},
  pages={302--308},
  year={2009},
  organization={IEEE}
}

@inproceedings{lamela2013towards,
  title={Towards property-based testing of RESTful web services},
  author={Lamela Seijas, Pablo and Li, Huiqing and Thompson, Simon},
  booktitle={Proceedings of the twelfth ACM SIGPLAN workshop on Erlang},
  pages={77--78},
  year={2013},
  organization={ACM}
}

@inproceedings{chakrabarti2010connectedness,
  title={Connectedness testing of restful web-services},
  author={Chakrabarti, Sujit Kumar and Rodriquez, Reswin},
  booktitle={Proceedings of the 3rd India software engineering conference},
  pages={143--152},
  year={2010},
  organization={ACM}
}

@inproceedings{pinheiro2013model,
  title={Model-based testing of restful web services using uml protocol state machines},
  author={Pinheiro, Pedro Victor Pontes and Endo, Andre Takeshi and Simao, Adenilso},
  booktitle={Brazilian Workshop on Systematic and Automated Software Testing},
  pages={1--10},
  year={2013}
}

@inproceedings{fertig2015model,
  title={Model-driven testing of restful apis},
  author={Fertig, Tobias and Braun, Peter},
  booktitle={Proceedings of the 24th International Conference on World Wide Web},
  pages={1497--1502},
  year={2015},
  organization={ACM}
}

@inproceedings{di2007search,
  title={Search-based testing of service level agreements},
  author={Di Penta, Massimiliano and Canfora, Gerardo and Esposito, Gianpiero and Mazza, Valentina and Bruno, Marcello},
  booktitle={Proceedings of the 9th annual conference on Genetic and evolutionary computation},
  pages={1090--1097},
  year={2007},
  organization={ACM}
}

@article{barr2015oracle,
  title={The oracle problem in software testing: A survey},
  author={Barr, Earl T and Harman, Mark and McMinn, Phil and Shahbaz, Muzammil and Yoo, Shin},
  journal={IEEE transactions on software engineering},
  volume={41},
  number={5},
  pages={507--525},
  year={2015},
  publisher={IEEE}
}

@article{fraser20151600,
  title={1600 faults in 100 projects: Automatically finding faults while achieving high coverage with evosuite},
  author={Fraser, Gordon and Arcuri, Andrea},
  journal={Empirical Software Engineering},
  volume={20},
  number={3},
  pages={611--639},
  year={2015},
  publisher={Springer}
}

@article{mcminn2004search,
  title={Search-based software test data generation: a survey},
  author={McMinn, Phil},
  journal={Software testing, Verification and reliability},
  volume={14},
  number={2},
  pages={105--156},
  year={2004},
  publisher={Wiley Online Library}
}

@article{korel1990automated,
  title={Automated software test data generation},
  author={Korel, Bogdan},
  journal={IEEE Transactions on software engineering},
  volume={16},
  number={8},
  pages={870--879},
  year={1990},
  publisher={IEEE}
}

@article{rojas2017detailed,
  title={A detailed investigation of the effectiveness of whole test suite generation},
  author={Rojas, Jos{\'e} Miguel and Vivanti, Mattia and Arcuri, Andrea and Fraser, Gordon},
  journal={Empirical Software Engineering},
  volume={22},
  number={2},
  pages={852--893},
  year={2017},
  publisher={Springer}
}

@inproceedings{fraser2012sound,
  title={Sound empirical evidence in software testing},
  author={Fraser, Gordon and Arcuri, Andrea},
  booktitle={Software Engineering (ICSE), 2012 34th International Conference on},
  pages={178--188},
  year={2012},
  organization={IEEE}
}

@article{Arcuri2013Parameter,
  title={Parameter tuning or default values? An empirical investigation in search-based software engineering},
  author={Arcuri, Andrea and Fraser, Gordon},
  journal={Empirical Software Engineering},
  volume={18},
  number={3},
  pages={594-623},
  year={2013},
}

@article{Alshraideh2010Search,
  title={Search-based software test data generation for string data using program-specific search operators: Research Articles},
  author={Alshraideh, Mohammad and Bottaci, Leonardo},
  journal={Software Testing Verification and Reliability},
  volume={16},
  number={3},
  pages={175-203},
  year={2010},
}

@article{Rojas2016Seeding,
  title={Seeding strategies in search‐based unit test generation},
  author={Rojas, José Miguel and Fraser, Gordon and Arcuri, Andrea},
  journal={Software Testing Verification and Reliability},
  volume={26},
  number={5},
  pages={366-401},
  year={2016},
}